75600000         299999999999999                    01111800000002222240ACME                          SICOOB                                  13004201916081100000008100000                                                                     
75600011R01  040 2099999999999999                    0111180000000222224 ACME                                                                                                          000000003004201900000000                                 
7560001300001P 010111180000000222224 000000001601014     10 220000000000000013004201900000000001000000000 02A30042019000000000000000000000000000000000000000000000000000000000000000000000000000000                         3000   090000000000 
7560001300002Q 011000099999999999CLIENTE                                 RUA UM, 123                             BAIRRO         99999999CIDADE         UF0000000000000000                                        000                            
7560001300003R 01000000000000000000000000000000000000000000000000000000000000000000000000                                                                                                              0000000000000000 000000000000  0         
75600015         00000500000100000000000010000000000000000000000000000000000000000000000000000000000000000000000000                                                                                                                             
75699999         000001000007000000                                                                                                                                                                                                             